<?xml version="1.0" encoding="UTF-8"?><collection xmlns="http://www.loc.gov/MARC21/slim"><record><leader>00414nam--2200133-i-4500</leader><controlfield tag="001">000011089</controlfield><controlfield tag="002">20161230</controlfield><controlfield tag="005">20161230201029</controlfield><controlfield tag="008">060222s1000------------r-----000-0-eng-d</controlfield><datafield ind1=" " ind2=" " tag="080"><subfield code="a">541.128(061.3)</subfield></datafield><datafield ind1=" " ind2=" " tag="245"><subfield code="a">Proceedings of the fith international congress on catalysis, miami beach, fla., 20-26 august, 1972</subfield></datafield><datafield ind1=" " ind2=" " tag="260"><subfield code="a">Amsterdam, North-holland Publ.Co.,1973. Xxv + P.Dif</subfield></datafield><datafield ind1=" " ind2=" " tag="700"><subfield code="a">Hightower, W</subfield></datafield><datafield ind1=" " ind2=" " tag="852"><subfield code="a">40940</subfield></datafield></record></collection>